<?xml version="1.0" encoding="UTF-8"?><collection xmlns="http://www.loc.gov/MARC21/slim"><record><leader>00506nam--2200193-u-4500</leader><controlfield tag="001">000054443</controlfield><controlfield tag="002">20161230</controlfield><controlfield tag="005">20161230201051</controlfield><controlfield tag="008">111209s1000------------r-----000-0-rus-d</controlfield><datafield ind1=" " ind2=" " tag="040"><subfield code="a">IFIN-HH</subfield></datafield><datafield ind1=" " ind2=" " tag="041"><subfield code="a">rus</subfield></datafield><datafield ind1=" " ind2=" " tag="080"><subfield code="a">539.125.52</subfield></datafield><datafield ind1="1" ind2=" " tag="100"><subfield code="b">Novikov, V.M</subfield></datafield><datafield ind1="1" ind2="0" tag="245"><subfield code="a">Teoria parametriceskogo vozdeistvia na perenos neitronov</subfield><subfield code="c">V.m. novikov, s.b. sihov</subfield></datafield><datafield ind1=" " ind2=" " tag="260"><subfield code="a">Moskva</subfield><subfield code="b">Energoizdat</subfield><subfield code="c">1982</subfield></datafield><datafield ind1=" " ind2=" " tag="300"><subfield code="a">192P</subfield></datafield><datafield ind1="1" ind2=" " tag="700"><subfield code="a">Sihov, S.B</subfield></datafield><datafield ind1=" " ind2=" " tag="852"><subfield code="a">70793</subfield><subfield code="c">539.12</subfield></datafield><datafield ind1=" " ind2=" " tag="CAT"><subfield code="a">Sys</subfield><subfield code="c">20111209</subfield><subfield code="h">113706</subfield></datafield></record></collection>